<record><leader>00000cas a22000007a 4500</leader><controlfield tag="001">13825950</controlfield><controlfield tag="008">860707d19311953mtuwr ne      0    0eng d</controlfield><datafield ind1=" " ind2=" " tag="010"><subfield code="a">sn 86075256 </subfield></datafield><datafield ind1=" " ind2=" " tag="040"><subfield code="a">MTL</subfield><subfield code="b">eng</subfield><subfield code="c">MTL</subfield><subfield code="d">OCLCQ</subfield><subfield code="d">OCLCO</subfield></datafield><datafield ind1=" " ind2=" " tag="042"><subfield code="a">msc</subfield></datafield><datafield ind1="0" ind2=" " tag="130"><subfield code="a">Register (Eastern Montana ed.)</subfield></datafield><datafield ind1="1" ind2="4" tag="245"><subfield code="a">The Register.</subfield></datafield><datafield ind1=" " ind2=" " tag="250"><subfield code="a">Eastern Montana ed.</subfield></datafield><datafield ind1=" " ind2=" " tag="260"><subfield code="a">Denver, Colo. :</subfield><subfield code="b">Catholic Pub. Society,</subfield><subfield code="c">-1953.</subfield></datafield><datafield ind1=" " ind2=" " tag="300"><subfield code="a">v. :</subfield><subfield code="b">ill.</subfield></datafield><datafield ind1=" " ind2=" " tag="310"><subfield code="a">Weekly</subfield></datafield><datafield ind1="0" ind2=" " tag="362"><subfield code="a">-v. 29, no. 52 (Dec. 27, 1953).</subfield></datafield><datafield ind1="1" ind2=" " tag="362"><subfield code="a">Began Nov. 8, 1931.</subfield></datafield><datafield ind1=" " ind2=" " tag="500"><subfield code="a">"Official Paper of the Diocese of Great Falls."</subfield></datafield><datafield ind1=" " ind2=" " tag="588"><subfield code="a">Description based on: Vol. 8, no. 1 (Jan. 3, 1932).</subfield></datafield><datafield ind1="2" ind2=" " tag="710"><subfield code="a">Catholic Church.</subfield><subfield code="b">Diocese of Great Falls (Mont.)</subfield></datafield><datafield ind1=" " ind2=" " tag="752"><subfield code="a">United States</subfield><subfield code="b">Montana</subfield><subfield code="c">Cascade</subfield><subfield code="d">Great Falls.</subfield></datafield><datafield ind1="0" ind2="0" tag="785"><subfield code="t">Eastern Montana Catholic register</subfield><subfield code="w">(DLC)sn 86075255</subfield></datafield></record>